Automatically generated by Mendeley 1.5.1
Any changes to this file will be lost if it is regenerated by Mendeley.

@misc{Lee2012a,
abstract = {This document defines the Ontology for Media Resources 1.0. The term "Ontology" is used in its broadest possible definition: a core vocabulary. The intent of this vocabulary is to bridge the different descriptions of media resources, and provide a core set of descriptive properties. This document defines a core set of metadata properties for media resources, along with their mappings to elements from a set of existing metadata formats. Besides that, the document presents a Semantic Web compatible implementation of the abstract ontology using RDF/OWL. The document is mostly targeted towards media resources available on the Web, as opposed to media resources that are only accessible in local repositories.},
author = {Lee, WonSuk (이원석) and Bailer, Werner and B\"{u}rger, Tobias and Champin, Pierre-Antoine and Evain, Jean-Pierre and Malais\'{e}, V\'{e}ronique and Michel, Thierry and Sasaki, Felix and S\"{o}derberg, Joakim and Stegmaier, Florian and Strassner, John},
booktitle = {W3C Recommendation},
title = {{Ontology for Media Resources 1.0}},
url = {http://www.w3.org/TR/mediaont-10/},
urldate = {03 Mai 2012},
year = {2012}
}
@inproceedings{Garcia2005,
address = {Galway, Ireland},
author = {Garc\'{\i}a, Roberto and Celma, Oscar},
booktitle = {5th International Workshop on Knowledge Markup and Semantic Annotation (SemAnnot 2005)},
editor = {Handschuh, Siegfried and Declerck, Thierry and Koivunen, Marja-Riitta},
file = {:home/bend/Dropbox/Bibliography/Garc\'{\i}a, Celma - Semantic Integration and Retrieval of Multimedia Metadata - 2005.pdf:pdf},
pages = {1--12},
publisher = {CEUR Workshop Proceedings},
title = {{Semantic Integration and Retrieval of Multimedia Metadata}},
year = {2005}
}
@inproceedings{Stockinger2007,
annote = {=== Introduction
L'auteur s'int\'{e}resse aux objets issues des biblioth\`{e}ques et centre d'archivages num\'{e}riques. Il les consid\`{e}re comme des ressources de connaissances potentielles et s'interroge sur leur valeur dans des situation d'usages r\'{e}elles. 
Quels sont les facteurs qui font que telle ou telle ressource est pertinente et utile dans tel ou tel contexte ? 
L'auteur indique que la pertinence et l'utilit\'{e} d'un objet d\'{e}pend du contexte d'utilisation et de l'utilisateur.
Ainsi, des objets qui semblent a priori peu pertinent dans telle situation peuvent toujours \^{e}tre transform\'{e}s en reprenant  les attentes d'un contexte d'usage ou d'une communaut\'{e} d'utilisateur.

        
Prenant l'exemple des Archives Audiovisuelles pour la Recherche (AAR), l'auteur identifie trois points susceptibles d'am\'{e}liorer l'ajustement des objets aux attente d'un contexte ou d'utilisateurs :
(a) proposer des objets multilingues
(b) d\'{e}crire les objets de mani\`{e}re homog\`{e}ne et en se concentrant sur les besoins des utilisateurs 
(c) adapter le contenu pour diff\'{e}rentes cultures et diff\'{e}rents contexte d'usage.

        
=== Communaut\'{e} et Utilisateur

        
=== Organisation d'un objet de connaissance num\'{e}rique
L'auteur d\'{e}finit trois mani\`{e}re  ''aborder l'objet num\'{e}rique d'un point de vue s\'{e}miotique : 
- l'objet est un tout signifiant dont on peut identifier les parties. On peut ainsi d\'{e}crire l'objet par la composition des parties pour former le tout.
- l'objet est compos\'{e} d'un contenu et d'une forme d'expression du contenu que l'on peut d\'{e}crire ind\'{e}pendamment.
- l'objet est un produit d'information et de communication renvoyant \`{a} des pratiques sociales, activit\'{e} humaines, processus de production. 

        
Plusieurs probl\`{e}mes se posent : 
- d\'{e}crire un corpus de mani\`{e}re standardis\'{e} tout en permettant des sch\'{e}mas de description sp\'{e}cifiques
- expliciter les connaissances existantes des communaut\'{e}s d'utilisateurs et leurs attentes vis \`{a} vis d'un corpus
- sp\'{e}cifier la mani\`{e}re dont on peut s'approprier les objets d'un corpus
- sp\'{e}cifier des genres \'{e}ditoriaux adapt\'{e} aux attentes d'une communaut\'{e}

        
=== La r\'{e}\'{e}criture ou la r\'{e}utilisation d'objets num\'{e}riques

        
L'auteur distingue plusieurs types d'objet num\'{e}rique : 
- objet non structur\'{e}
- objet appartenant \`{a} des cat\'{e}gories ou genres \'{e}ditoriaux traditionnels (livre avec chapitre, encyclop\'{e}die etc.)
- objet structur\'{e} et organis\'{e} pour des usages sp\'{e}cifiques

        

        
Les objets num\'{e}riques constituent des ressources potentielles de connaissances pour des communaut\'{e}s d'utilisateurs sp\'{e}cifiques. },
author = {Stockinger, Peter},
booktitle = {Cross-Media and Personalized Learning Applications on top of Digital Libraries (LADL)},
file = {:home/bend/Dropbox/Bibliography/Stockinger - Repurposing digital audiovisual resources for user communities possessing different cultural and linguistic profiles - 2007.pdf:pdf;:home/bend/Dropbox/Bibliography/Stockinger - Repurposing digital audiovisual resources for user communities possessing different cultural and linguistic profiles - 2007(2).pdf:pdf},
pages = {75--90},
series = {LADL 2007},
title = {{Repurposing digital audiovisual resources for user communities possessing different cultural and linguistic profiles}},
url = {http://citeseerx.ist.psu.edu/viewdoc/download?doi=10.1.1.83.5255\&rep=rep1\&type=pdf\#page=75},
year = {2007}
}
@article{Pastor2009a,
abstract = {Introduction. This paper presents an analysis of the Simple Knowledge Organization System (SKOS) compared with other alternatives for thesaurus representation in the Semantic Web. Method. Based on functional and structural changes of thesauri, provides an overview of the current context in which lexical paradigm is abandoned in favour of the conceptual paradigm. Likewise are described briefly various initiatives for the representation of thesauri using RDF vocabularies and hence for application to the Semantic Web, with particular attention to SKOS. Analysis and Results. This brief comparison will allow us to know some highlights of these proposals to raise those transcendental aspects in a model representing thesauri. SKOS includes the main proposal of this model, which organizes the concepts into diagrams and libraries. The notions of descriptors and non-descriptors terms are replaced by the association to the concepts of preferred and alternative labels and may be defined hierarchical or associative relationships between concepts. SKOS also provides for the establishment of correspondence relations between concepts belonging to different conceptual schemes. Conclusions. In accordance with the extent to which this series of requirements is fulfilled, we propose and defend the SKOS option as the best alternative for the development of multiple applications focusing on the use of thesauri in Web-based information services and systems, highlighting the advantages of this model over others proposed and in consideration of the user perspective in management, search and information query operations.},
author = {Pastor, J.A. and Martinez, F.J. and J.V., Rodriguez},
journal = {Information Research},
number = {4},
title = {{Advantages of thesaurus representation using the Simple Knowledge Organization System (SKOS) compared with proposed alternatives}},
url = {http://informationr.net/ir/14-4/paper422.html},
volume = {14},
year = {2009}
}
@article{Roche2006,
author = {Roche, Christophe},
file = {:home/bend/Dropbox/Bibliography/Roche - Dire n’est pas concevoir - 2006.pdf:pdf},
journal = {Network},
number = {October},
title = {{Dire n’est pas concevoir}},
year = {2006}
}
@article{Schandl2010,
author = {Schandl, Thomas and Blumauer, Andreas},
doi = {http://dx.doi.org/10.1007/978-3-642-13489-0\_36},
file = {:home/bend/Dropbox/Bibliography/Schandl, Blumauer - PoolParty SKOS Thesaurus Management Utilizing Linked Data - 2010.pdf:pdf},
journal = {The Semantic Web: Research and Applications},
keywords = {linking open data,rdf,semantic web,skos,thesaurus,wiki},
pages = {421--425},
publisher = {Springer},
title = {{PoolParty: SKOS Thesaurus Management Utilizing Linked Data}},
url = {http://www.springerlink.com/index/Y15753H735L51248.pdf},
volume = {6089},
year = {2010}
}
@phdthesis{Martin2005,
abstract = {Id\'{e}alement, produire une description d’un contenu audiovisuel, c’est mod\'{e}liser l’espace r\'{e}el ou fictionnel r\'{e}v\'{e}l\'{e} par la cam\'{e}ra. Or pour \^{e}tre utile dans une optique d’archivage, un mod\`{e}le de Document Audiovisuel (DAv) ne doit pas contenir que le recensement d’objets visibles \`{a} l’\'{e}cran. Trois cat\'{e}gories d’\'{e}l\'{e}ments de descriptions du contenu sont n\'{e}cessaires : les objets montr\'{e}s et leurs caract\'{e}ristiques physiques, les proc\'{e}d\'{e}s de mise en image des \'{e}l\'{e}ments, et les relations di\'{e}g\'{e}tiques. Les deux premi\`{e}res cat\'{e}gories de descriptions peuvent \^{e}tre prises en charge par des m\'{e}thodes num\'{e}riques d’analyse de l’image, de segmentation, de reconnaissance de types de plans et de mouvements de cam\'{e}ra. Cependant, l’identification de la troisi\`{e}me cat\'{e}gorie d’\'{e}l\'{e}ments – ceux de la di\'{e}g\`{e}se, c'est-\`{a}-dire de l’univers spatio-temporel d\'{e}sign\'{e} par le r\'{e}cit – semble impossible \`{a} automatiser. Il faut pourtant convenir que c’est bien souvent cette cat\'{e}gorie qui fait sens pour l’op\'{e}rateur d’indexation. Or, bien que les formalismes propos\'{e}s par la communaut\'{e} (tels que MPEG-7) aient un lexique ouvert et qu’ils pr\'{e}voient des extensions par l’ajout de descripteurs s\'{e}mantiques, le choix de ces descripteurs pour l’annotation d’un flux audiovisuel est un probl\`{e}me ind\'{e}cidable car ce choix d\'{e}pend d’\'{e}l\'{e}ments contextuels (contexte d’analyse, conjoncture \'{e}conomique, politique et sociale) interpr\'{e}t\'{e}s d’apr\`{e}s des connaissances \'{e}labor\'{e}es. En r\'{e}ponse \`{a} ce constat, et \`{a} partir d’un ensemble d’observations tir\'{e} de l’analyse de l’activit\'{e} de documentation en audiovisuel, nous soulignons l’importance de garder l’homme dans la cha\^{\i}ne de production de description. Comme la mod\'{e}lisation s\'{e}mantique manuelle a un co\^{u}t important, nous apportons deux propositions : une m\'{e}thode d’indexation s\'{e}miotique fond\'{e}e sur des apports th\'{e}oriques, et des sp\'{e}cifications architecturales adapt\'{e}es \`{a} cette forme d’interaction homme machine. Premi\`{e}rement, nous proposons de nous situer dans une analyse s\'{e}miotique du DAv, au sens fort, c'est-\`{a}-dire par l’identification et l’explicitation des signes r\'{e}ifi\'{e}s lors de l’analyse. Ainsi, nous limitons la description de contenu \`{a} une description s\'{e}miotique d\'{e}sambigu\"{\i}sant les r\'{e}f\'{e}rences intensionnelles et extensionnelles. Pour cela nous d\'{e}finissons le signe t\'{e}tra\'{e}drique qui est une repr\'{e}sentation cognitive compos\'{e}e n\'{e}cessairement d’un signifi\'{e} et d’un signifiant et \'{e}ventuellement de r\'{e}f\'{e}rents intensionnels et extensionnels. De plus, les signes \'{e}tant \'{e}labor\'{e}s lors de la lecture du DAv, ils s’articulent au fur et \`{a} mesure de la construction d’un parcours interpr\'{e}tatif ; ils sont la cons\'{e}quence d’une strat\'{e}gie interpr\'{e}tative cognitive. L’interpr\'{e}tation est d\'{e}compos\'{e}e comme une somme de micro-interpr\'{e}tations r\'{e}alisant des r\'{e}\'{e}critures s\'{e}miotiques. Nous proposons une description s\'{e}miotique dans laquelle le mod\`{e}le de DAv est une inscription num\'{e}rique sous forme de graphes de signes du corr\'{e}lat de l’activit\'{e} mentale. Nous proposons d’op\'{e}rationnaliser les graphes de signes par des sch\'{e}mas (RDF+OWL) pouvant servir d’extension \`{a} MPEG-7. Deuxi\`{e}mement, apr\`{e}s une analyse de la dynamique de l’activit\'{e} d’archivage, nous pr\'{e}conisons un mod\`{e}le d’interaction op\'{e}rative entre l’homme et le syst\`{e}me, sous la forme d’une art\'{e}facture fournissant des outils d’aide \`{a} la r\'{e}ification de l’interpr\'{e}tation. Une plateforme pour la construction de graphes de signes est propos\'{e}e, reposant sur l’ajout et l’organisation de signes sur un tableau noir par des op\'{e}rateurs et des agents logiciels. Une syntaxe et une grammaire permettent la d\'{e}finition et la construction dynamique des signes n\'{e}goci\'{e}s au sein de la plateforme. Des sch\'{e}mas d’interpr\'{e}tation peuvent \^{e}tre d\'{e}clar\'{e}s afin de fournir aux agents des micros interpr\'{e}tations activables en contexte, outillant et assistant ainsi l’interpr\'{e}tation. Des illustrations et des exemples de d\'{e}veloppements d\'{e}montrent clairement l’int\'{e}r\^{e}t de la construction collaborative de graphes de signes pour la description et l’analyse de DAv.},
author = {Martin, Jean-Pascal},
file = {:home/bend/Dropbox/Bibliography/Martin - Description s\'{e}miotique de contenus audiovisuels - 2005.pdf:pdf},
keywords = {Recherche d’information multim\'{e}dia,annotation,cognition,description,description de contenu,di\'{e}g\`{e}se,document audiovisuel,documentaire,documentaliste,explicitation,extraction,hyperm\'{e}dia,interpr\'{e}tation,monstration,m\'{e}tadonn\'{e}es.,ontologie,op\'{e}rateur,s\'{e}mantique,s\'{e}miosis,s\'{e}miotique,utilisateur},
pages = {275},
school = {UNIVERSITE PARIS XI},
title = {{Description s\'{e}miotique de contenus audiovisuels}},
year = {2005}
}
@book{Journot2008,
abstract = {Les \'{e}tudes cin\'{e}matographiques et audiovisuelles concernent un grand nombre de secteurs de l’enseignement et de la recherche. Ce lexique permet un acc\`{e}s facile \`{a} la terminologie employ\'{e}e par les sp\'{e}cialistes. Sous plus de 500 entr\'{e}es sont regroup\'{e}s les termes les plus courants de la description du film aux notions th\'{e}oriques de base en esth\'{e}tique et narratologie, sans oublier les genres et les grands courants cin\'{e}matographiques. Les articles, illustr\'{e}s d’exemples, sont accompagn\'{e}s de corr\'{e}lats qui permettent de compl\'{e}ter l’information.},
address = {Paris},
author = {Journot, Marie-Th\'{e}r\`{e}se},
editor = {Marie, Michel},
isbn = {9782200256517},
pages = {128},
publisher = {Armand Colin},
title = {{Le vocabulaire du Cin\'{e}ma}},
year = {2008}
}
@incollection{Staab2008,
author = {Staab, Steffen and Scherp, Ansgar and Arndt, Richard and Troncy, Rapha\"{e}l and Grzegorzek, Marcin and Saathoff, Carsten and Schenk, Simon and Hardman, Lynda},
booktitle = {Reasoning Web},
file = {:home/bend/Dropbox/Bibliography/Staab et al. - Semantic Multimedia - 2008.pdf:pdf},
pages = {125--170},
series = {Lecture Notes in Computer Science},
title = {{Semantic Multimedia}},
url = {http://citeseerx.ist.psu.edu/viewdoc/download?doi=10.1.1.95.2462\&amp;rep=rep1\&amp;type=pdf},
volume = {5224},
year = {2008}
}
@article{Dasiopoulou2009,
author = {Dasiopoulou, Stamatia and Tzouvaras, Vassilis and Kompatsiaris, Ioannis and Strintzis, Michael G.},
doi = {10.1007/s11042-009-0387-4},
file = {:home/bend/Dropbox/Bibliography/Dasiopoulou et al. - Enquiring MPEG-7 based multimedia ontologies - 2009.pdf:pdf},
issn = {1380-7501},
journal = {Multimedia Tools and Applications},
keywords = {interoperability,mpeg-7,multimedia metadata,multimedia ontologies,semantic web},
month = oct,
number = {2-3},
pages = {331--370},
title = {{Enquiring MPEG-7 based multimedia ontologies}},
url = {http://www.springerlink.com/index/10.1007/s11042-009-0387-4},
volume = {46},
year = {2009}
}
@misc{bachimont:hdr,
author = {Bachimont, Bruno},
howpublished = {M�moire d'habilitation � diriger des recherches},
institution = {UTC},
keywords = {icts},
title = {{Art et sciences du num\'{e}rique : Ing\'{e}nierie des connaissances et critique de la raison computationnelle}},
url = {http://www.utc.fr/~bachimon/Livresettheses\_attachments/HabilitationBB.pdf},
year = {2004}
}
@article{Montage et Réalisme,
file = {:home/bend/Dropbox/Bibliography/Unknown - Montage et R\'{e}alisme - 1960.pdf:pdf},
journal = {S\'{e}quences : La revue du cin\'{e}ma},
number = {20},
pages = {7--9},
title = {{Montage et R\'{e}alisme}},
url = {http://id.erudit.org/iderudit/52137ac},
year = {1960}
}
@article{Garcia2010,
author = {Garc\'{\i}a, Roberto and Gil, Rosa},
doi = {10.1016/j.is.2008.12.001},
file = {:home/bend/Dropbox/Bibliography/Garc\'{\i}a, Gil - Content value chains modelling using a copyright ontology - 2010.pdf:pdf},
isbn = {3497370274},
issn = {03064379},
journal = {Information Systems},
keywords = {content value chain,copyright,digital rights management,ontology,reasoning},
month = jun,
number = {4},
pages = {483--495},
title = {{Content value chains modelling using a copyright ontology}},
url = {http://linkinghub.elsevier.com/retrieve/pii/S0306437908000926},
volume = {35},
year = {2010}
}
@article{Chakravarthy2009b,
abstract = {In this paper we present ANSWER, an innovative approach to film direction. Here we describe a methodology to semantically model the film domain in a way which is coherent with the director’s intent during film production. To achieve this, we are developing a system architecture which will provide the director with the necessary tools and services to author a scene description through intuitive gesture based graphical user interfaces, which will in turn populate the underlying model with a rich set of semantic descriptions. These semantic descriptions will be used to render the scene graphically through animated pre-visualizations. A director using the ANSWER methodology will be able to understand and assert certain film making decisions before film production begins.},
author = {Chakravarthy, Ajay and Beales, Richard and Walland, Paul and Yannopoulos, Angelos},
file = {:home/bend/Dropbox/Bibliography/Chakravarthy et al. - ANSWER A Semantic Approach to Film Direction - 2009.pdf:pdf},
journal = {ICIW},
keywords = {Film Production,Ontologies,Post Production,RDF,Reasoning,Semantic Web,Visualization Engine},
title = {{ANSWER: A Semantic Approach to Film Direction}},
url = {http://portal.acm.org/citation.cfm?id=1585689.1586194},
year = {2009}
}
@incollection{Guarino1995,
abstract = {The word ontology has recently gained a good popularity within the knowledge engineering community. However, its meaning tends to remain a bit vague, as the term is used in very different ways. Limiting our attention to the various proposals made in the current debate in AI, we isolate a number of interpretations, which in our opinion deserve a suitable clarification. We elucidate the implications of such various interpre- tations, arguing for the need of clear terminological choices regarding the technical use of terms like ontology, conceptualization and ontological commitment. After some comments on the use Ontology (with the capital 'O') as a term which denotes a philosophical discipline, we analyse the possible confusion between an ontology intended as a particular conceptual framework at the knowledge level and an ontology intended as a concrete artifact at the symbol level, to be used for a given purpose. A crucial point in this clarification effort is the careful analysis of Gruber' s definition of an ontology as a specification of a conceptualization. Guarino N., Giaretta P., In N. J. I. Mars (ed.), Towards Very Large Knowledge Bases, IOS Press 1995},
author = {Guarino, Nicola and Giaretta, Pierdaniele},
booktitle = {Towards Very Large Knowledge Bases Knowledge Building and Knowledge Sharing},
chapter = {2.1},
editor = {Mars, N},
isbn = {9051992173},
number = {9},
pages = {25--32},
publisher = {IOS Press},
series = {Towards Very Large Knowledge Bases: Knowledge Building and Knowledge Sharing},
title = {{Ontologies and Knowledge Bases: Towards a Terminological Clarification}},
url = {http://www.loa.istc.cnr.it/Papers/KBKS95.pdf},
volume = {1},
year = {1995}
}
@phdthesis{Bourigault1994,
author = {Bourigault, D.},
school = {\'{E}cole des hautes \'{e}tudes en sciences sociales},
title = {{LEXTER, un logiciel d’extraction de terminologie. Application \`{a} l’acquisition de connaissances \`{a} partir de textes}},
year = {1994}
}
@article{Arndt2007,
author = {Arndt, Richard and Troncy, Rapha\"{e}l and Staab, Steffen and Hardman, Lynda and Vacura, Miroslav},
doi = {http://dx.doi.org/10.1007/978-3-540-76298-0\_3},
editor = {{Aberer, Karl and Choi, Key-Sun and Noy, Natasha and Allemang, Dean and Lee, Kyung-Il and Nixon, Lyndon and Golbeck, Jennifer and Mika, Peter and Maynard, Diana and Mizoguchi, Riichiro and Schreiber, Guus and Cudr\'{e}-Mauroux}, Philippe},
file = {:home/bend/Dropbox/Bibliography/Arndt et al. - COMM Designing a Well-Founded Multimedia Ontology for the Web - 2007.pdf:pdf},
journal = {The Semantic Web},
pages = {30--43},
publisher = {Springer Berlin / Heidelberg},
series = {Lecture Notes in Computer Science},
title = {{COMM: Designing a Well-Founded Multimedia Ontology for the Web}},
url = {http://www.springerlink.com/index/v2471tt03r700603.pdf},
volume = {4825},
year = {2007}
}
@article{Viana2009,
author = {Viana, Paula and Alves, Artur Pimenta},
doi = {10.1007/s11042-009-0395-4},
file = {:home/bend/Dropbox/Bibliography/Viana, Alves - A semantic management model to enable the integrated management of media and devices - 2009.pdf:pdf},
institution = {Instituto Polit\'{e}cnico do Porto Instituto Superior de Engenharia do Porto Rua Dr Antonio Bernardino de Almeida 431 4200-072 Porto Portugal},
issn = {1380-7501},
journal = {Multimedia Tools and Applications},
keywords = {media asset management,metadata integration,multimedia and infrastructures ontologies,semantic metadata management},
month = oct,
number = {1},
pages = {37--62},
title = {{A semantic management model to enable the integrated management of media and devices}},
url = {http://www.springerlink.com/index/10.1007/s11042-009-0395-4},
volume = {49},
year = {2009}
}
@article{VanOssenbruggen2004,
author = {van Ossenbruggen, Jacco and Nack, Frank and Hardman, Lynda},
file = {:home/bend/Dropbox/Bibliography//van Ossenbruggen, Nack, Hardman - That obscure object of desire multimedia metadata on the Web, Part-1 - 2004.pdf:pdf},
journal = {IEEE Multimedia},
number = {4},
pages = {38--48},
publisher = {IEEE},
title = {{That obscure object of desire: multimedia metadata on the Web, Part-1}},
url = {http://ieeexplore.ieee.org/xpls/abs\_all.jsp?arnumber=1343828},
volume = {11},
year = {2004}
}
@book{DeSaussure1995,
author = {de Saussure, Ferdinand},
edition = {Grande bib},
isbn = {2228889423},
pages = {520},
publisher = {Payot},
title = {{Cours de linguistique g\'{e}n\'{e}rale}},
year = {1995}
}
@book{Peirce1978,
author = {Peirce, Charles Sanders},
edition = {L'ordre ph},
editor = {Deledalle, G\'{e}rard},
isbn = {2020050137},
pages = {262},
publisher = {Seuil},
title = {{\'{E}crits sur le signe}},
year = {1978}
}
@inproceedings{VanAssem2006,
author = {{Van Assem}, M. and Malais\'{e}, V. and Miles, A. and Schreiber, G.},
booktitle = {The Semantic Web: Research and Applications},
file = {:home/bend/Dropbox/Bibliography/Van Assem et al. - A Method to Convert Thesauri to SKOS - 2006.pdf:pdf},
number = {c},
pages = {95--109},
publisher = {Springer},
title = {{A Method to Convert Thesauri to SKOS}},
url = {http://www.springerlink.com/index/4811513015750q25.pdf},
year = {2006}
}
@article{Zacklad2010,
abstract = {Issue du monde des biblioth\`{e}ques (biblioth\`{e}ques num\'{e}riques en particulier), l’expression syst\`{e}me d’organisation des connaissances (SOC, en anglais : Knowledge Organization System, KOS) « englobe tous les types de sch\`{e}mes permettant d’organiser des informations et de promouvoir la gestion des connaissances » (Hodge, 2000). Les SOC « comprennent les sch\`{e}mes de classification et de cat\'{e}gorisation qui organisent des mat\'{e}riaux \`{a} un niveau g\'{e}n\'{e}ral, les vedettes-mati\`{e}re qui fournissent un acc\`{e}s plus d\'{e}taill\'{e}, et les fichiers d’autorit\'{e} qui contr\^{o}lent les variantes des informations cl\'{e}s telles que les noms g\'{e}ographiques et les noms de personnes » (ibid). Les SOC « comprennent aussi les vocabulaires tr\`{e}s structur\'{e}s, tels que les th\'{e}saurus, et les sch\`{e}mes moins traditionnels, tels que les r\'{e}seaux s\'{e}mantiques et les ontologies » (ibid). Le tableau 1 pr\'{e}sente une typologie des SOC propos\'{e}e par Hodge (2000). M. Zacklad (2007, 2010a, 2010b) a encore \'{e}largi cette acception des SOC en l’\'{e}tendant \`{a} l’ensemble des formes d’\'{e}criture codifi\'{e}es participant \`{a} la description documentaire primaire ou secondaire d’une situation (2010a). La description primaire est une mod\'{e}lisation originale selon des conventions associ\'{e}es \`{a} un langage de mod\'{e}lisation ou \`{a} un langage restreint utilis\'{e} dans un formulaire. La description secondaire correspond \`{a} l’analyse d’un contenu d\'{e}j\`{a} pr\'{e}sent dans un document dans le cadre des activit\'{e}s de documentarisation. Selon cette approche, les SOC englobent \'{e}galement les mod\`{e}les entit\'{e}-relation, les r\'{e}seaux s\'{e}mantiques, les taxinomies associ\'{e}es \`{a} des syst\`{e}mes de classification, les th\'{e}saurus, les ontologies formelles ou s\'{e}miotiques, les folksonomies, etc. La notion de codification doit d’ailleurs ici \^{e}tre comprise dans un sens « faible » puisqu’elle inclut aussi les langages de description \'{e}mergents issus des pratiques folksonomiques. Selon nous (Zacklad, 2010b), \`{a} son niveau le plus \'{e}l\'{e}mentaire, la codification consiste \`{a} utiliser une expression fig\'{e}e qui devient un idiomatisme pour r\'{e}f\'{e}rer \`{a} un \'{e}l\'{e}ment de la situation transactionnelle ou du contenu.},
author = {Zacklad, Manuel and Giboin, Alain},
file = {:home/bend/Dropbox/Bibliography/Zacklad, Giboin - Qu’est-ce qu’un syst\`{e}me d’organisation des connaissances (SOC) - 2010.pdf:pdf},
journal = {Document num\'{e}rique},
number = {2},
pages = {7--12},
title = {{Qu’est-ce qu’un syst\`{e}me d’organisation des connaissances (SOC) ?}},
url = {http://dn.revuesonline.com/telechargement.jsp?id1=0\&id2=15464\&id3=0\&id4=-1},
volume = {13},
year = {2010}
}
@book{Arndt2009,
author = {Arndt, Richard and Troncy, Rapha\"{e}l and Staab, Steffen and Hardman, Lynda},
booktitle = {Handbook on Ontologies},
doi = {10.1007/978-3-540-92673-3},
editor = {Staab, Steffen and Studer, Rudi},
file = {:home/bend/Dropbox/Bibliography/Arndt et al. - Handbook on Ontologies - 2009.pdf:pdf},
isbn = {978-3-540-70999-2},
pages = {403--421},
publisher = {Springer Berlin Heidelberg},
series = {Lecture Notes in Computer Science},
title = {{Handbook on Ontologies}},
url = {http://www.springerlink.com/index/10.1007/978-3-540-92673-3},
year = {2009}
}
@techreport{Borgo2002,
author = {Borgo, Stefano and Gangemi, Aldo and Guarino, Nicola and Masolo, Claudio and Oltramari, Alessandro},
title = {{Ontology RoadMap. Wonderweb Deliverable D15}},
year = {2002}
}
@phdthesis{ThiBui2003,
abstract = {Dans le contexte des progr\`{e}s sensibles en termes de technologies de l'information et de normes associ\'{e}es \`{a} la vid\'{e}o, notre travail propose des outils de description flexible et \`{a} forte teneur s\'{e}mantique des contenus audiovisuels au niveau du plan – le PSDS (Production Shot Description Scheme) – orient\'{e}s par l'approche s\'{e}miotique et selon les points de vue des professionnels de la production. Nous constatons que les contenus audio-visuels ont une triple dimension s\'{e}mantique – la s\'{e}mantique technique, la s\'{e}mantique du monde narratif et la s\'{e}miotique – et chaque niveau a sa propre description ontologique. La s\'{e}miotique compl\`{e}te la s\'{e}mantique technique et th\'{e}matique du contenu de la vid\'{e}o en expliquant pour quelles raisons les structures dynamiques du texte filmique peuvent produire ces interpr\'{e}tations s\'{e}mantiques. Mobilisant tant des techniques d'analyse automatiques des m\'{e}dia que des mod\`{e}les existants, des terminologies, des th\'{e}ories et des discours du monde de cin\'{e}ma, cette approche peut offrir une traduction naturelle et simple entre les diff\'{e}rents niveaux s\'{e}mantiques. La description orient\'{e}e-objet \`{a} multiples points de vue des contenus implique de mettre en \'{e}vidence dans l'arbre ontologique les unit\'{e}s significatives du domaine et leurs caract\'{e}ristiques. Ces unit\'{e}s constituent les informations fondamentales pour l'appr\'{e}hension du sens du r\'{e}cit. Elles sont repr\'{e}sent\'{e}es par des concepts qui constituent un r\'{e}seau s\'{e}mantique o\`{u} les utilisateurs peuvent naviguer \`{a} la recherche d'informations. Chaque concept est un n\oe ud du r\'{e}seau s\'{e}mantique du domaine vis\'{e}. Repr\'{e}sent\'{e}es ensuite selon le formalisme Mpeg-7 et XML Schema, les connaissances int\'{e}gr\'{e}es dans les sch\'{e}mas de description du plan de la vid\'{e}o peuvent servir de base \`{a} la construction d'environnements interactifs d'\'{e}dition des images. La vid\'{e}o y devient un flux informationnel dont les donn\'{e}es peuvent \^{e}tre balis\'{e}es, annot\'{e}es, analys\'{e}es et \'{e}dit\'{e}es. Les m\'{e}tadonn\'{e}es analys\'{e}es dans notre travail, comprenant des informations relevant de trois \'{e}tapes de la production (pr\'{e}-production, production et post-production) doivent permettre aux applications de g\'{e}rer et manipuler les objets de la vid\'{e}o, ainsi que les repr\'{e}sentations de leur s\'{e}mantique, afin de les r\'{e}utiliser dans plusieurs offres d'acc\`{e}s telles que l'indexation du contenu, la recherche, le filtrage, l'analyse et l'appr\'{e}hension des images du film.},
author = {{Thi, Bui}, Minh Phung},
file = {:home/bend/Dropbox/Bibliography/Thi, Bui - La structuration s\'{e}mantique des contenus des documents audiovisuels selon les points de vue de la production - 2003.pdf:pdf},
keywords = {Indexation audiovisuelle – XML Schema – Mpeg-7 – C},
pages = {447},
school = {UNIVERSITE PARIS VIII – VINCENNES – SAINT-DENIS},
title = {{La structuration s\'{e}mantique des contenus des documents audiovisuels selon les points de vue de la production}},
type = {Sciences de l'Information et de la Communication},
volume = {6},
year = {2003}
}
@article{Nack2005a,
author = {Nack, Frank and van Ossenbruggen, Jacco and Hardman, Lynda},
doi = {10.1109/MMUL.2005.12},
file = {:home/bend/Dropbox/Bibliography//Nack, van Ossenbruggen, Hardman - That obscure object of desire multimedia metadata on the Web, Part 2 - 2005.pdf:pdf},
issn = {1070-986X},
journal = {IEEE Multimedia},
month = jan,
number = {1},
pages = {54--63},
title = {{That obscure object of desire: multimedia metadata on the Web, Part 2}},
url = {http://ieeexplore.ieee.org/lpdocs/epic03/wrapper.htm?arnumber=1377102},
volume = {12},
year = {2005}
}
@article{Roche2005,
author = {Roche, Christophe},
file = {:home/bend/Dropbox/Bibliography/Roche - Terminologie et ontologie - 2005.pdf:pdf},
journal = {Langages},
number = {1},
pages = {48--62},
publisher = {Armand Colin},
title = {{Terminologie et ontologie}},
url = {http://www.cairn.info/article.php?ID\_ARTICLE=LANG\_157\_0048\&amp;AJOUTBIBLIO=LANG\_157\_0048},
volume = {8},
year = {2005}
}
@misc{Lee2012,
author = {Lee, WonSuk and Bailer, Werner and B\"{u}rger, Tobias and Champin, Pierre-Antoine and Evain, Jean-Pierre and Malais\'{e}, V\'{e}ronique and Michel, Thierry and Sasaki, Felix and S\"{o}derberg, Joakim and Stegmaier, Florian and Strassner, John},
publisher = {W3C},
title = {{Ontology for Media Resources 1.0}},
url = {http://www.w3.org/TR/mediaont-10/},
year = {2012}
}
@misc{Crozat2011,
author = {Crozat, St\'{e}phane},
booktitle = {Argumentaire du projet Cha\^{\i}nes \'{e}ditoriales Collaboratives Multim\'{e}dia (C2M)},
title = {{Verrou principal : Fragmentation et r\'{e}-\'{e}ditorialisation}},
url = {http://scenari.utc.fr/c2m/co/0102fragEtReedit.html http://scenari.utc.fr/c2m/co/0101colEtEdit.html},
urldate = {17 Janvier 2012},
year = {2011}
}
@article{Evain2000,
author = {Evain, Jean-Pierre},
file = {:home/bend/Dropbox/Bibliography/Evain - TV Anytime M\'{e}tadonn\'{e}es - 2000.pdf:pdf},
journal = {UER - Revue Technique},
pages = {15},
title = {{TV Anytime : M\'{e}tadonn\'{e}es}},
url = {http://www.ebu.ch/en/technical/trev/trev\_284-evain\_fr.pdf},
year = {2000}
}
@article{Marcos2009,
author = {Marcos, Gorka and Alonso, Kevin and Olaizola, Igor G. and Fl\'{o}rez, Juli\'{a}n and Illarramendi, Arantza},
doi = {10.1109/SMAP.2009.16},
file = {:home/bend/Dropbox/Bibliography/Marcos et al. - DMS-1 Driven Data Model to Enable a Semantic Middleware for Multimedia Information Retrieval in a Broadcaster - 2009.pdf:pdf},
isbn = {978-1-4244-5282-8},
journal = {2009 Fourth International Workshop on Semantic Media Adaptation and Personalization},
month = dec,
pages = {33--37},
publisher = {Ieee},
title = {{DMS-1 Driven Data Model to Enable a Semantic Middleware for Multimedia Information Retrieval in a Broadcaster}},
url = {http://ieeexplore.ieee.org/lpdocs/epic03/wrapper.htm?arnumber=5381708},
year = {2009}
}
@book{Goldfarb,
author = {Goldfarb, Charles F. and Rubinsky, Yuri},
isbn = {0-19-853737-9},
pages = {663},
publisher = {Oxford University Press},
title = {{The SGML handbook}},
url = {http://cat.inist.fr/?aModele=afficheN\&cpsidt=107989},
year = {1990}
}
@inproceedings{Vandenbussche2009,
author = {Vandenbussche, Pierre-Yves and Charlet, Jean},
booktitle = {20\`{e}mes Journ\'{e}es Francophones d'Ing\'{e}nierie des Connaissances},
file = {:home/bend/Dropbox/Bibliography//Vandenbussche, Charlet - M\'{e}ta-mod\`{e}le g\'{e}n\'{e}ral de description de ressources terminologiques et ontologiques - 2009.pdf:pdf},
pages = {193--204},
title = {{M\'{e}ta-mod\`{e}le g\'{e}n\'{e}ral de description de ressources terminologiques et ontologiques}},
url = {http://ic2009.inria.fr/docs/papers/VandenbusscheCharlet\_IC2009\_38.pdf http://hal.archives-ouvertes.fr/hal-00379935/},
year = {2009}
}
@article{Gruber1993,
abstract = {To support the sharing and reuse of formally represented knowledge among AI systems, it is useful to define the common vocabulary in which shared knowledge is represented. A specification of a representational vocabulary for a shared domain of discourse definitions of classes, relations, functions, and other objects is called an ontology. This paper describes a mechanism for defining ontologies that are portable over representation systems. Definitions written in a standard format for predicate calculus are translated by a system called Ontolingua into specialized representations, including frame-based systems as well as relational languages. This allows researchers to share and reuse ontologies, while retaining the computational benefits of specialized implementations. We discuss how the translation approach to portability addresses several technical problems. One problem is how to accommodate the stylistic and organizational differences among representations while preserving declarative content. Another is how to translate from a very expressive language into restricted languages, remaining system-independent while preserving the computational efficiency of implemented systems. We describe how these problems are addressed by basing Ontolingua itself on an ontology of domain-independent, representational idioms.},
author = {Gruber, Thomas R},
doi = {10.1006/knac.1993.1008},
institution = {Computer Science Department, Stanford University},
issn = {10428143},
journal = {Knowledge Creation Diffusion Utilization},
number = {April},
pages = {199--220},
pmid = {21685580},
publisher = {Citeseer},
series = {Technical Report KSL 92-71, September 1992, Revised April 1993},
title = {{A Translation Approach to Portable Ontology Specifications by A Translation Approach to Portable Ontology Specifications}},
url = {http://linkinghub.elsevier.com/retrieve/doi/10.1006/knac.1993.1008},
volume = {5},
year = {1993}
}
@article{Tsinaraki2004,
author = {Tsinaraki, Chrisa and Polydoros, Panagiotis and Christodoulakis, Stavros},
doi = {http://dx.doi.org/10.1007/978-3-540-25975-6\_29},
file = {:home/bend/Dropbox/Bibliography/Tsinaraki, Polydoros, Christodoulakis - Integration of OWL ontologies in MPEG-7 and TV-Anytime compliant Semantic Indexing - 2004.pdf:pdf},
journal = {Advanced Information Systemes Engineering},
pages = {143--161},
publisher = {Springer Berlin Heidelberg},
series = {Lecture Notes in Computer Science},
title = {{Integration of OWL ontologies in MPEG-7 and TV-Anytime compliant Semantic Indexing}},
volume = {3084/2004},
year = {2004}
}
@book{Pinel2008,
abstract = {Le d\'{e}veloppement du cin\'{e}ma en couleur et de l'\'{e}cran large autour des ann\'{e}es 1950 et 1960, puis ces derni\`{e}res ann\'{e}es celui de techniques num\'{e}riques en relation avec le cin\'{e}ma, s'est accompagn\'{e} de la cr\'{e}ation de beaucoup de termes nouveaux, de marques nouvelles, qui d\'{e}routent parfois jusqu'aux sp\'{e}cialistes avertis de la chose cin\'{e}matographique. Le propos de cet ouvrage est de recenser les principaux mots utilis\'{e}s hier et aujourd'hui par la technique du cin\'{e}ma, de les d\'{e}finir bri\`{e}vement, de les replacer dans leur contexte et de les mettre en relation avec d'autres mots. Une liste des champs auxquels se r\'{e}f\`{e}rent les entr\'{e}es de ce livre et un lexique anglais/fran\c{c}ais faciliteront en outre la consultation. Enti\`{e}rement actualis\'{e}e, cette deuxi\`{e}me \'{e}dition s'enrichit de notices nouvelles dans le domaine des effets sp\'{e}ciaux, du cin\'{e}ma d'animation, de la vid\'{e}o et du num\'{e}rique. Ce dictionnaire s'adresse aussi bien aux \'{e}tudiants, aux chercheurs qui exploitent le vaste territoire du cin\'{e}ma qu'aux cin\'{e}philes soucieux de mieux conna\^{\i}tre leur domaine de pr\'{e}dilection.},
address = {Paris},
author = {Pinel, Vincent},
pages = {370},
publisher = {Armand Colin},
title = {{Dictionnaire technique du cin\'{e}ma}},
year = {2008}
}
@phdthesis{Charlet2002,
author = {Charlet, Jean},
pages = {142},
school = {Pierre et Marie Curie},
title = {{l’Ing\'{e}nierie des Connaissances : d\'{e}veloppements , r\'{e}sultats et perspectives pour la gestion des connaissances m\'{e}dicales}},
type = {Habilitation \`{a} Diriger des Recherches},
year = {2002}
}
@techreport{Cha2009,
booktitle = {Production},
file = {:home/bend/Dropbox/Bibliography/Unknown - ANSWER Artistic-Notation-based Software Engineering for Film , Animation and Computer Games - 2009.pdf:pdf},
pages = {1--107},
title = {{ANSWER : Artistic-Notation-based Software Engineering for Film , Animation and Computer Games}},
year = {2009}
}
@misc{Rayers2002,
author = {Rayers, D. J.},
booktitle = {BBC R\&D White Paper},
file = {:home/bend/Dropbox/Bibliography/Rayers - Metadata in TV production Associating the TV production process with relevant technologies - 2002.pdf:pdf},
title = {{Metadata in TV production: Associating the TV production process with relevant technologies}},
url = {http://www.bbc.co.uk/rd/publications/whitepaper046.shtml},
year = {2002}
}
@article{Summers2008,
archivePrefix = {arXiv},
arxivId = {http://arxiv.org/abs/0805.2855},
author = {Summers, Ed and Isaac, Antoine and Redding, Clay and Krech, Dan},
eprint = {/arxiv.org/abs/0805.2855},
file = {:home/bend/Dropbox/Bibliography/Summers et al. - LCSH, SKOS and Linked Data - 2008.pdf:pdf},
journal = {CoRR},
keywords = {controlled vocabularies,dublin core,marc,metadata,rdf,semantic web,skos},
primaryClass = {http:},
title = {{LCSH, SKOS and Linked Data}},
year = {2008}
}
@misc{Fallside2004,
author = {Fallside, David C. and Walmsley, Priscilla},
title = {{XML Schema Primer}},
url = {http://www.w3.org/TR/xmlschema-0/},
year = {2004}
}
@incollection{Oberle2006,
address = {New York},
author = {Oberle, Daniel},
booktitle = {Semantic Management of Middleware},
doi = {10.1007/0-387-27631-9},
file = {:home/bend/Dropbox/Bibliography/Oberle - Ontologies - 2006.pdf:pdf},
isbn = {0-387-27630-0},
pages = {33--53},
publisher = {Springer-Verlag},
series = {Semantic Web and Beyond: Computing for Human Experience},
title = {{Ontologies}},
url = {http://www.springerlink.com/index/10.1007/0-387-27631-9},
volume = {1},
year = {2006}
}
@book{Bourdieu,
address = {Paris},
author = {Bourdieu, Pierre},
edition = {Le sens co},
isbn = {2707302759},
pages = {672},
publisher = {Les Editions de Minuit},
title = {{La distinction}},
year = {1979}
}
@article{Blanc2006,
author = {Blanc, Gilles Le},
doi = {10.3917/eh.043.0082},
isbn = {2747210952},
issn = {1161-2770},
journal = {Entreprises et histoire},
language = {fr},
month = jun,
number = {2},
pages = {82},
publisher = {ESKA},
title = {{Innovations num\'{e}riques, distribution et diff\'{e}renciation : le cas de la projection num\'{e}rique dans le cin\'{e}ma}},
url = {http://www.cairn.info/article.php?ID\_ARTICLE=EH\_043\_0082},
volume = {43},
year = {2006}
}
@inproceedings{Bachimont2004,
annote = {        Objet :         
Cet article interroge la nature des mod\`{e}les construits par l'IC afin de d\'{e}terminer leurs m\'{e}thodes de validation. 
                  
R\'{e}sum\'{e} :        
L'auteur indique que l'IC se situe \`{a} la crois\'{e}e de plusieurs sciences (logique formelle, linguistique, psychologie, sociologie, etc.) et d'une ing\'{e}nierie qui vise \`{a} construire des syst\`{e}mes instrument[ant] le travail intellectuel, l'exercice de la pens\'{e}e, le travail de la connaissance. Prise entre ing\'{e}nierie et sciences, il y a une certaine confusion \'{e}pist\'{e}mologique autour de l'IC et de ses r\'{e}alisations. L'auteur propose d'interroger la sp\'{e}cificit\'{e} de l'IC par rapport \`{a} d'autres disciplines, et en particulier sur les m\'{e}thodes de validation des mod\`{e}les et des syst\`{e}mes construits par l'IC. 
        
Dans un premier temps, l'auteur constate qu'un mod\`{e}le d'IC exprime les connaissances d'un domaine dans un langage de mod\'{e}lisation et l'op\'{e}rationnalise en un syst\`{e}me. En d'autres termes, la mod\'{e}lisation de l'IC porte sur les concepts utilis\'{e}s par les gens de ce domaine pour penser et \'{e}tablir des connaissances sur le monde, mais pas directement sur le monde, ni sur l'activit\'{e} cognitive. Ainsi, les m\'{e}thodes de validation empirique ne permettent que de valider ces connaissances, mais pas leur mod\'{e}lisation par l'IC. Par contre, cette mod\'{e}lisation s'effectue dans des langages (de mod\'{e}lisation) formels dont on peut \'{e}valuer la puissance par d\'{e}monstration. 
        
Par sciences nomographique on entend des disciplines telles que les sciences de la nature ou les disciplines formelles. Dans ces disciplines les faits sont d\'{e}crits par des lois ind\'{e}pendantes du contexte qui ont pour objectif de pr\'{e}dire les ph\'{e}nom\`{e}nes. Ainsi, la vari\'{e}t\'{e} des ph\'{e}nom\`{e}nes est rapport\'{e}e \`{a} l'unit\'{e} et l'id\'{e}alit\'{e} d'une loi dont on cherchera \`{a} \'{e}prouver la valeur pr\'{e}dictive par des exp\'{e}riences empiriques.
        
A l'inverse, les sciences dites idiographique telles que les sciences de la culture ou les sciences historiques d\'{e}crivent les faits par leurs singularit\'{e}s par rapport \`{a} une norme. L'importance est mise sur les sp\'{e}cificit\'{e}s que le contexte introduit par rapport \`{a} des types th\'{e}oriques. Dans ce cadre, la validation s'effectue par l'efficacit\'{e} des syst\`{e}mes en situation, c'est \`{a} dire \`{a} travers l'utilisateur. 
Suivant le point de vue que l'on prend, la validation prendra une autre tournure. 
        
L'auteur revient de ce dualisme en pr\'{e}cisant que les mod\`{e}les construits par l'IC n'ont pas pour vocation \`{a} pr\'{e}dire quoi que ce soit sur le monde ni sur la connaissance, mais plut\^{o}t d'instrumenter le travail intellectuel, l'exercice de la pens\'{e}e, le travail de la connaissance. Sous cette perspective, Bachimont nous propose de th\'{e}oriser l'IC comme une ing\'{e}nierie des inscriptions num\'{e}riques des connaissances          qui vise \`{a} instrumenter le travail cognitif associ\'{e} \`{a} ces inscriptions. 
        
        
Dans ce cadre th\'{e}orique,  les inscriptions prennent une double dimension ; mat\'{e}rielle (et donc manipulable par des techniques de calcul logique) ; s\'{e}miotique (et donc interpr\'{e}table selon des conventions propres \`{a} une situation d'usage).  En d'autres termes, le syst\`{e}mes d'IC permet d'agir de mani\`{e}re pr\'{e}dictible sur les inscriptions de connaissances, ces actions produisant de nouvelles inscriptions qui donnent mati\`{e}re \`{a} penser \`{a} l'utilisateur. 
        
Il y a donc plusieurs \'{e}l\'{e}ments \`{a} valider en IC, les calculs qui seront faits sur les inscriptions (on teste le comportement du syst\`{e}me informatique) puis l'interpr\'{e}tation de ces inscriptions (on \'{e}value le gain apport\'{e} par le syst\`{e}me et les inscriptions qu'il fournit \`{a} l'utilisateur selon une situation d'usage). La mod\'{e}lisation prise en charge par l'IC ne porte donc ni sur le monde, ni sur l'activit\'{e} cognitive et ne peut \^{e}tre valid\'{e} uniquement par le formalisme de ses inscriptions. 
        
Les inscriptions de connaissances doivent \^{e}tre consid\'{e}r\'{e}es sous deux angles : d'un point de vue nomographique (on formalise la manipulation symbolique des inscriptions pour pr\'{e}voir/d\'{e}finir le comportement du syst\`{e}me) et  idiographique (on d\'{e}crit le sens des manipulations symboliques et des inscriptions produites par rapport aux normes, conventions, concepts du domaine
                  
                
        
Il faut \'{e}galement consid\'{e}rer suivant quelles normes et conventions ces inscriptions doivent \^{e}tre interpr\'{e}t\'{e}es par un utilisateur plong\'{e} dans une situation d'usage.
      },
author = {Bachimont, Bruno},
booktitle = {15e Journ\'{e}es francophones d'ing\'{e}nierie des connaissances},
file = {:home/bend/Dropbox/Bibliography//Bachimont - Pourquoi n'y a-t-il pas d'exp\'{e}rience en ing\'{e}nierie des connaissances - 2004.pdf:pdf},
pages = {53--64},
title = {{Pourquoi n'y a-t-il pas d'exp\'{e}rience en ing\'{e}nierie des connaissances ?}},
year = {2004}
}
@article{Stockinger2007b,
abstract = {En nous appuyant sur la production et la diffusion de corpus audiovisuels via Internet, nous discutons d'une mani\`{e}re pratique et succincte la question de l'ouverture d'oeuvres intellectuelles monolingues qui poss\`{e}dent un profil textuel bien d\'{e}termin\'{e} (i.e. d'\^{e}tre des documents scientifiques) \`{a} un « march\'{e} » de connaissances intrins\`{e}quement multilingue et multiculturel qui est celui de l'Internet. Nous d\'{e}veloppons, plus particuli\`{e}rement, la notion g\'{e}n\'{e}rale de la republication de corpus audiovisuels au sens de son adaptation - aussi bien linguistique et culturelle - sous forme de genre de publication appropri\'{e} \`{a} des contextes d'usage circonscrits. Des exemples du programme Archives audiovisuelles de la recherche (AAR) et de projets de R\&D europ\'{e}ens et fran\c{c}ais nous serviront pour \'{e}tayer notre propos.},
author = {Stockinger, Peter},
file = {:home/bend/Dropbox/Bibliography/Stockinger - Des archives audiovisuelles monolingues sur un site multilingue - 2007.pdf:pdf},
journal = {Herm\`{e}s},
language = {fr},
month = apr,
pages = {69--75, 240--241},
publisher = {CNRS Editions, Paris (FRA)},
title = {{Des archives audiovisuelles monolingues sur un site multilingue}},
url = {http://documents.irevues.inist.fr/handle/2042/24129},
volume = {49},
year = {2007}
}
@inproceedings{Hunter2001,
author = {Hunter, Jane},
booktitle = {International Semantic Web Working Symposium (SWWS)},
file = {:home/bend/Dropbox/Bibliography/Hunter - Adding Multimedia to the Semantic Web - Building an MPEG-7 Ontology - 2001.pdf:pdf},
pages = {261--281},
title = {{Adding Multimedia to the Semantic Web - Building an MPEG-7 Ontology}},
year = {2001}
}
@inproceedings{Hodge2000,
author = {Hodge, G.},
booktitle = {Washington, DC: the Council on Library and Information Resources},
title = {{Systems of Knowledge Organization for Digital libraries. Beyond traditional authority files.}},
url = {http://www.clir.org/pubs/reports/pub91/contents.html},
year = {2000}
}
@article{Uschold1996,
abstract = {This paper is intended to serve as a comprehensive introduction to the emerging field concerned with the design and use of ontologies. We observe that disparate backgrounds, languages, tools, and techniques are a major barrier to effective communication among people, organisations, and/or software systems. We show how the development and implementation of an explicit account of a shared understanding (i.e. an `ontology') in a given subject area, can improve such communication, which in turn,...},
author = {Uschold, Mike and Gruninger, Michael},
doi = {10.1109/MIS.2002.999223},
file = {:home/bend/Dropbox/Bibliography/Uschold, Gruninger - Ontologies Principles, methods and applications - 1996.pdf:pdf},
institution = {University of Edinburgh},
issn = {02698889},
journal = {Knowledge Engineering Review},
number = {2},
pages = {93--136},
publisher = {Cambridge Univ Press},
series = {Technical Report of the Artificial Intelligence Applications Institute},
title = {{Ontologies: Principles, methods and applications}},
url = {http://journals.cambridge.org/abstract\_S0269888900007797},
volume = {11},
year = {1996}
}
@book{bachimont:icc,
annote = {        
        
        
        
        
        
        
      },
author = {Bachimont, Bruno},
editor = {Lavoisier},
pages = {278},
publisher = {Hermes Science},
title = {{Ing\'{e}nierie des connaissances et des contenus : le num\'{e}rique entre ontologies et documents}},
url = {http://www.lavoisier.fr/fr/livres/index.asp?texte=2746213690\&select=isbn\&from=Hermes},
year = {2007}
}
@article{Crozat2004,
abstract = {Nous proposons dans cet article d'aborder la question du document num\'{e}rique selon trois niveaux : la structure d'organisation, la structure de contr\^{o}le et la structure d'interaction. Ces trois structures, inh\'{e}rentes \`{a} tous documents, sont r\'{e}interrog\'{e}es dans le cadre du num\'{e}rique, dans la mesure o\`{u} elles peuvent \^{e}tre abstraites, objectiv\'{e}es et mat\'{e}rialis\'{e}es, et donc manipul\'{e}es. Nous montrons comment ces trois structures sont implant\'{e}es dans la cha\^{\i}ne \'{e}ditoriale SCENARI qui nous a fourni un cadre d'application en situation r\'{e}elle.},
annote = {
        === RTP DOC : Documents comme 
        
          forme, signe, medium
        
        
- Le document comme forme renvoie au fait que le document est une forme physique perceptible dont la mat\'{e}rialit\'{e} physique se pr\^{e}te \`{a} l’instrumentation technique. Cette dimension prend par cons\'{e}quent en compte les probl\`{e}mes de num\'{e}risation du contenu o\`{u} l’enjeu est de coder la m\^{e}me information que pour un document traditionnel mais sur le support num\'{e}rique (on pourra \'{e}galement parler de codage orthoth\'{e}tique [4])

        
- Le document comme signe renvoie aux probl\`{e}mes de manipulation, lecture et interpr\'{e}tation du contenu, en prenant en compte la double face mat\'{e}rielle et intelligible du signe. On y retrouve les questions relevant de l’ing\'{e}nierie documentaire et de l’ing\'{e}nierie des connaissances.

        
- le document comme medium th\'{e}matise le document comme objet social, objet de n\'{e}gociation et de transaction culturelle et \'{e}conomique. Il constitue un milieu d’\'{e}change entre des individus et des groupes qui s’articule et s’ancre dans la vie sociale.

        ============
        

        

        le document [est] (comme) un objet mat\'{e}riel qui se d\'{e}ploie dans la temporalit\'{e} d’une lecture et qui donne lieu \`{a} une interaction avec le lecteur,
        
- la structure d'organisation : le document est une configuration de ressources dans un espace de pr\'{e}sentation (soit spatial pour un document papier ; soit \'{e}galement temporel pour un document audiovisuel).
... le document comme forme propos\'{e}e \`{a} l'appr\'{e}hension du lecteur
        
= plan ou DTD

        
- la structure de contr\^{o}le : le d\'{e}roulement de la lecture induit, sugg\'{e}r\'{e} ou impos\'{e} par le support (ordre, rythme etc.)

        ... [le] d\'{e}ploiement du contenu comme signifiant, dans un parcours de lecture.
        
= dans un document statique, l'organisation spatiale des pages sugg\`{e}re un ordre, le d\'{e}roulement de la bande l'impose. 
Dans un document num\'{e}rique, on peut prescrire un ordre de lecture dynamique ou expliciter des parcours possible (des mod\`{e}les ...)

        
- la structure d'interaction : l'espace d'interaction, d'appropriation instrument\'{e} et offert par l'environnement de lecture (contenu et support) 
... [elle] conditionne l’activit\'{e} du lecteur par laquelle il s’identifie dans la communaut\'{e} des lecteurs et des auteurs, c’est-\`{a}-dire dans la socialit\'{e} dont le document est la m\'{e}diation.
        
= des annotations sur le document (papier) lui-m\^{e}me ou sur d'autres supports. Dans le cas du num\'{e}rique, l'activit\'{e} peut \^{e}tre pr\'{e}scrit par des mod\`{e}les et articul\'{e}s aux autres structures du document.  

        
          
Tout contenu num\'{e}rique consiste en une ressource qu’un calcul permet de publier dynamiquement sous diff\'{e}rentes formes contextualis\'{e}es. La ressource devient un invariant partag\'{e} par les vues. Elle correspondrait donc au contenu « objectif » que les vues d\'{e}clinent. Elle serait alors un fond, par opposition aux mises en formes. Or, ce qu’on appelle le fond, le contenu « objectif », n’est en fait qu’une vue particuli\`{e}re, consid\'{e}r\'{e}e comme refl\'{e}tant « canoniquement » le fond, par exemple une vue d’un contenu dans un \'{e}diteur XML. Cette vue est la forme canonique du contenu, celle qui fait r\'{e}f\'{e}rence et qui \'{e}tablit conventionnellement son objectivit\'{e}. Les vues d\'{e}clin\'{e}es \`{a} partir de la ressource constituent dans cette perspective un dossier dont la structure et l’intelligibilit\'{e} sont donn\'{e}es par la forme canonique. La lecture et la r\'{e}\'{e}criture deviennent un exercice de reformulation o\`{u} l’appropriation du sens que l’on trouve au dossier s’effectue par l’objectivation de cette forme canonique.
        

        

        

        

        
L'informatisation des processus de travail coupl\'{e} \`{a} la num\'{e}risation des contenus permet de contr\^{o}ler par le calcul l'\'{e}laboration, la transmission et l'exploitation des contenus. 

      },
author = {Crozat, St\'{e}phane and Bachimont, Bruno},
file = {:home/bend/Dropbox/Bibliography/Crozat, Bachimont - R\'{e}interroger les structures documentaires de la num\'{e}risation \`{a} l’informatisation - 2004.pdf:pdf},
journal = {Revue I3},
keywords = {Contr\^{o}le,Ing\'{e}nierie des connaissances,Ing\'{e}nierie documentaire,Interactivit\'{e},Structuration logique,XML,document processing,knowledge engineering,logical},
mendeley-tags = {Contr\^{o}le,Ing\'{e}nierie des connaissances,Ing\'{e}nierie documentaire,Interactivit\'{e},Structuration logique,XML},
number = {1},
pages = {59--74},
title = {{R\'{e}interroger les structures documentaires : de la num\'{e}risation \`{a} l’informatisation}},
url = {http://archivesic.ccsd.cnrs.fr/sic\_00001015.html},
volume = {4},
year = {2004}
}
@incollection{Bachimont2000a,
author = {Bachimont, Bruno},
booktitle = {Ing\'{e}nierie des Connaissances : \'{E}volutions r\'{e}centes et nouveaux d\'{e}fis},
editor = {Charlet, Jean and Zacklad, Manuel and Kassel, Gilles and Bourigault, D.},
file = {:home/bend/Dropbox/Bibliography/Bachimont - Engagement s\'{e}mantique et engagement ontologique conception et r\'{e}alisation d’ontologies en Ing\'{e}nierie des connaissances. - 2000.pdf:pdf},
publisher = {Eyrolles},
title = {{Engagement s\'{e}mantique et engagement ontologique : conception et r\'{e}alisation d’ontologies en Ing\'{e}nierie des connaissances.}},
url = {http://www.cndwebzine.hcp.ma/IMG/pdf/Engagement\_semantique\_et\_engagement\_ontologique\_conception\_et\_realisation\_d\_ontologies\_en\_Ingenierie\_des\_connaissances.pdf},
year = {2000}
}
@article{Singh2004,
author = {Singh, Gurminder},
doi = {10.1109/MMUL.2004.1261102},
file = {:home/bend/Dropbox/Bibliography/Singh - Guest Editor's Introduction Content Repurposing - 2004.pdf:pdf},
issn = {1070-986X},
journal = {IEEE Multimedia},
month = jan,
number = {1},
pages = {20--21},
title = {{Guest Editor's Introduction: Content Repurposing}},
url = {http://ieeexplore.ieee.org/lpdocs/epic03/wrapper.htm?arnumber=1261102},
volume = {11},
year = {2004}
}
@article{Nack2004,
author = {Nack, Frank and Putz, Wolfgang},
doi = {10.1023/B:MTAP.0000017031.26875.f7},
file = {:home/bend/Dropbox/Bibliography/Nack, Putz - Saying What it Means Semi-Automated (News) Media Annotation - 2004.pdf:pdf},
issn = {1380-7501},
journal = {Multimedia Tools and Applications},
keywords = {media annotation,media production,mpeg-7,news production,xml-schema},
month = mar,
number = {3},
pages = {263--302},
title = {{Saying What it Means: Semi-Automated (News) Media Annotation}},
url = {http://www.springerlink.com/openurl.asp?id=doi:10.1023/B:MTAP.0000017031.26875.f7},
volume = {22},
year = {2004}
}
@incollection{Crozat2007,
author = {Crozat, St\'{e}phane},
booktitle = {Environnements informatis\'{e}s et ressources num\'{e}riques pour l'apprentissage : conception et usages, regards crois\'{e}s},
chapter = {9},
editor = {Monique, BARON and Dominique, GUIN and Luc, TROUCHE},
publisher = {Herm\`{e}s},
title = {{Bonnes pratiques pour l'exploitation multi-usages de contenus p\'{e}dagogiques : la raison du calcul est toujours la meilleure}},
url = {http://www.lavoisier.fr/livre/notice.asp?id=3LKWX3ARLOAOWI},
year = {2007}
}
@article{Tsinaraki2005,
author = {Tsinaraki, Chrisa and Polydoros, Panagiotis and Kazasis, Fotis and Christodoulakis, Stavros},
doi = {http://dx.doi.org/10.1007/s11042-005-0894-x},
file = {:home/bend/Dropbox/Bibliography/Tsinaraki et al. - Ontology-Based Semantic Indexing for MPEG-7 and TV-Anytime Audiovisual Content - 2005.pdf:pdf},
institution = {Lab. of Distributed Multimedia Information Systems and Applications (MUSIC/TUC) Technical University of Crete Campus 73100 Kounoupidiana Chania Greece},
journal = {Multimedia Tools and Applications},
keywords = {mpeg-7,ontologies,segmentation,semantic indexing,tv-anytime},
number = {3},
pages = {299--325},
title = {{Ontology-Based Semantic Indexing for MPEG-7 and TV-Anytime Audiovisual Content}},
volume = {26},
year = {2005}
}
@incollection{Chakravarthy2009c,
abstract = {In this paper we present OntoFilm, a core ontology for film production. OntoFilm provides a standardized model which conceptualizes the domain and workflows used at various stages of the film production process starting from pre-production and planning, shooting on set, right through to editing and post-production. The main contributions in this paper are: we discuss how OntoFilm models the semantics necessary to interpret these workflows consistently for all users (Directors, DoP’s, grips, post-production, lighting). We also discuss how our ontology forms a common bridge between the low level descriptive metadata generated for the video footage and the high level semantics used in software tools during the production process.},
address = {Berlin, Heidelberg},
author = {Chakravarthy, Ajay and Beales, Richard and Matskanis, Nikos and Yang, Xiaoyu},
booktitle = {Semantic Multimedia},
doi = {10.1007/978-3-642-10543-2},
file = {:home/bend/Dropbox/Bibliography/Chakravarthy et al. - OntoFilm A Core Ontology for Film Production - 2009.pdf:pdf},
isbn = {978-3-642-10542-5},
pages = {177--181},
publisher = {Springer Berlin Heidelberg},
series = {Lecture Notes in Computer Science},
title = {{OntoFilm: A Core Ontology for Film Production}},
url = {http://www.springerlink.com/content/hu601617617573tk},
volume = {5887},
year = {2009}
}
@inproceedings{Troncy2007,
author = {Troncy, Rapha\"{e}l and Celma, Oscar and Little, Suzanne and Garc\'{\i}a, Roberto and Tsinaraki, Chrisa},
booktitle = {1st International Workshop on Multimedia Annotation and Retrieval enabled by Shared Ontologies},
doi = {10.1.1.168.3992},
file = {:home/bend/Dropbox/Bibliography/Troncy et al. - MPEG-7 based Multimedia Ontologies Interoperability Support or Interoperability Issue - 2007.pdf:pdf},
number = {Ddl},
title = {{MPEG-7 based Multimedia Ontologies : Interoperability Support or Interoperability Issue ?}},
year = {2007}
}
@article{Bachimont2000,
author = {Bachimont, Bruno},
file = {:home/bend/Dropbox/Bibliography/Bachimont - L'archive num\'{e}rique entre authenticit\'{e} et interpretabilit\'{e} - 2000.pdf:pdf},
journal = {archivistes.qc.ca},
title = {{L'archive num\'{e}rique : entre authenticit\'{e} et interpretabilit\'{e}}},
url = {http://www.archivistes.qc.ca/IMG/pdf/32-1-Bachimont.pdf},
year = {2000}
}
@article{Burger2011,
author = {B\"{u}rger, Tobias},
file = {:home/bend/Dropbox/Bibliography/B\"{u}rger - Semantic web, linked data and broadcasting - more in common than you’d think! - 2011.pdf:pdf},
journal = {Ebu Technical Review},
keywords = {ontology, ontologies, W3C, EBU, IPTC, TV-Anytime, },
pages = {1--13},
title = {{Semantic web, linked data and broadcasting - more in common than you’d think!}},
year = {2011}
}
@article{Burnett2003,
author = {Burnett, Ian S. and {Van de Walle}, Rik and Hill, Keith and Bormans, Jan and Pereira, Fernando},
file = {:home/bend/Dropbox/Bibliography/Burnett et al. - MPEG-21 Goals and Achievements - 2003.pdf:pdf},
journal = {IEEE Multimedia},
number = {4},
pages = {60--70},
title = {{MPEG-21: Goals and Achievements}},
url = {http://csdl.computer.org/comp/mags/mu/2003/04/u4060abs.htm},
volume = {10},
year = {2003}
}
